@book{history-digital-games,
  title     = {{History of Digital Games: Developments in Art, Design and Interaction}},
  author    = {{Andrew Williams}},
  year      = {{2017}},
  publisher = {{CRC Press, Taylor \& Francis Group}},
  isbn      = {{978-1138885554}},
  pages     = {{152-154}}
}

@article{game-engines-history,
  author = {{Henry Lowood}},
  title  = {{Game Engines and Game History}},
  year   = {{2014}},
  pages  = {{20}}
}

@misc{godot-engine,
  title        = {{Godot Engine - Homepage}},
  howpublished = {\url{https://godotengine.org/}},
  note         = {{2022-09-25}}
}

@misc{godot-release,
  title        = {{Godot Docs - Release policy - Release support timeline}},
  howpublished = {\url{https://docs.godotengine.org/en/stable/about/release_policy.html#release-support-timeline}},
  note         = {{2022-09-25}}
}

@misc{godot-gdnative,
  title        = {{Godot Docs - What is GDNative}},
  howpublished = {\url{https://docs.godotengine.org/en/latest/tutorials/scripting/gdnative/what_is_gdnative}},
  note         = {{2022-09-25}}
}

@misc{godot-repository,
  title        = {{GitHub - Godot}},
  howpublished = {\url{https://github.com/godotengine/godot}},
  note         = {{2022-09-25}}
}

